<record><leader>00000cas a22000007a 4500</leader><controlfield tag="001">24530016</controlfield><controlfield tag="008">911010d189819uunyuwr ne      0    0eng d</controlfield><datafield ind1=" " ind2=" " tag="010"><subfield code="a">sn 91066979 </subfield></datafield><datafield ind1=" " ind2=" " tag="040"><subfield code="a">NYS</subfield><subfield code="b">eng</subfield><subfield code="c">NYS</subfield><subfield code="d">OCLCQ</subfield></datafield><datafield ind1=" " ind2=" " tag="042"><subfield code="a">msc</subfield></datafield><datafield ind1="0" ind2=" " tag="130"><subfield code="a">Kingston weekly freeman and journal (Kingston, N.Y. : 1898)</subfield></datafield><datafield ind1="1" ind2="0" tag="245"><subfield code="a">Kingston weekly freeman and journal.</subfield></datafield><datafield ind1=" " ind2=" " tag="260"><subfield code="a">Kingston, N.Y. :</subfield><subfield code="b">Kingston Freeman,</subfield><subfield code="c">1898-</subfield></datafield><datafield ind1=" " ind2=" " tag="300"><subfield code="a">v.</subfield></datafield><datafield ind1=" " ind2=" " tag="310"><subfield code="a">Weekly</subfield></datafield><datafield ind1="0" ind2=" " tag="362"><subfield code="a">New ser. vol. 18, no. 31 (Aug. 4, 1898)-</subfield></datafield><datafield ind1=" " ind2=" " tag="500"><subfield code="a">Published on Thursday.</subfield></datafield><datafield ind1=" " ind2=" " tag="588"><subfield code="a">Latest issue consulted: Dec. 27, 1900.</subfield></datafield><datafield ind1=" " ind2="4" tag="651"><subfield code="a">Kingston (N.Y.)</subfield><subfield code="v">Newspapers.</subfield></datafield><datafield ind1=" " ind2=" " tag="752"><subfield code="a">United States</subfield><subfield code="b">New York</subfield><subfield code="c">Ulster</subfield><subfield code="d">Kingston.</subfield></datafield><datafield ind1="0" ind2=" " tag="775"><subfield code="t">Kingston daily freeman</subfield><subfield code="w">(DLC)sn 85054405</subfield><subfield code="w">(OCoLC)11656172</subfield></datafield><datafield ind1="0" ind2="0" tag="780"><subfield code="t">Kingston weekly freeman</subfield><subfield code="w">(DLC)sn 91066978</subfield><subfield code="w">(OCoLC)24529961</subfield></datafield><datafield ind1="0" ind2="0" tag="785"><subfield code="t">Kingston freeman and journal</subfield><subfield code="w">(DLC)sn 90066369</subfield><subfield code="w">(OCoLC)22881701</subfield></datafield><datafield ind1="1" ind2=" " tag="029"><subfield code="a">AU@</subfield><subfield code="b">000025855372</subfield></datafield></record>